% ====================================
% Chapter 1.1
@article{LeCun_DeepLearning_2015,
  title={Deep learning},
  author={LeCun, Yann and Bengio, Yoshua and Hinton, Geoffrey},
  journal={Nature},
  volume={521},
  number={7553},
  pages={436--444},
  year={2015},
  publisher={Nature Publishing Group}
}

@article{马毓敏_最大化_2020,
  title={最大化AUC的正例未标注分类及其增量算法},
  author={马毓敏 and 王士同},
  journal={计算机科学与探索},
  volume={14},
  number={11},
  pages={1879--1887},
  year={2020},
}

@article{Goodfellow_ML_2016,
  title={Machine learning basics},
  author={Goodfellow, Ian and Bengio, Yoshua and Courville, Aaron},
  journal={Deep Learning},
  volume={1},
  number={7},
  pages={98--164},
  year={2016},
  publisher={MIT press Cambridge, MA, USA}
}

@article{Kiran_SemiOverView_2018,
  title={An overview of deep learning based methods for unsupervised and semi-supervised anomaly detection in videos},
  author={Kiran, B Ravi and Thomas, Dilip Mathew and Parakkal, Ranjith},
  journal={Journal of Imaging},
  volume={4},
  number={2},
  pages={36--61},
  year={2018},
  publisher={Multidisciplinary Digital Publishing Institute}
}

@article{Zhou_ShortPredict_2021,
  title={Short-term prediction of wind power and its ramp events based on semi-supervised generative adversarial network},
  author={Zhou, Bin and Duan, Haoran and Wu, Qiuwei and Wang, Huaizhi and Or, Siu Wing and Chan, Ka Wing and Meng, Yunfan},
  journal={International Journal of Electrical Power \& Energy Systems},
  volume={125},
  pages={121-134},
  year={2021},
  publisher={Elsevier}
}

@article{Ding_Semi-overview_2017,
  title={An overview on semi-supervised support vector machine},
  author={Ding, Shifei and Zhu, Zhibin and Zhang, Xiekai},
  journal={Neural Computing and Applications},
  volume={28},
  number={5},
  pages={969--978},
  year={2017},
  publisher={Springer}
}

@article{Garg_PU_2021,
  title={Mixture proportion estimation and pu learning: a modern approach},
  author={Garg, Saurabh and Wu, Yifan and Smola, Alexander J and Balakrishnan, Sivaraman and Lipton, Zachary},
  journal={Advances in Neural Information Processing Systems},
  volume={34--47},
  year={2021}
}

@inproceedings{Fang_Partial_2019,
  title={Partial multi-label learning via credible label elicitation},
  author={Fang, Jun-Peng and Zhang, Min-Ling},
  booktitle={Proceedings of the AAAI Conference on Artificial Intelligence},
  volume={33},
  number={01},
  pages={3518--3525},
  year={2019}
}

% PU scnarios
@inproceedings{Hsieh_PUscnario1_2015,
  title={Pu learning for matrix completion},
  author={Hsieh, Cho-Jui and Natarajan, Nagarajan and Dhillon, Inderjit},
  booktitle={International Conference on Machine Learning},
  pages={2445--2453},
  year={2015},
  organization={PMLR}
}

@article{Li_PUscnario2_2010,
  title={A positive and unlabeled learning algorithm for one-class classification of remote-sensing data},
  author={Li, Wenkai and Guo, Qinghua and Elkan, Charles},
  journal={IEEE Transactions on Geoscience and Remote Sensing},
  volume={49},
  number={2},
  pages={717--725},
  year={2010},
  publisher={IEEE}
}

@inproceedings{Jaskie_PUscnario3_2019,
  title={Positive and unlabeled learning algorithms and applications: a survey},
  author={Jaskie, Kristen and Spanias, Andreas},
  booktitle={2019 10th International Conference on Information, Intelligence, Systems and Applications},
  pages={1--8},
  year={2019},
  organization={IEEE}
}

@inproceedings{Wang_Sentiment_2017,
  title={Sentiment lexicon expansion based on neural pu learning, double dictionary lookup, and polarity association},
  author={Wang, Yasheng and Zhang, Yang and Liu, Bing},
  booktitle={Proceedings of the 2017 Conference on Empirical Methods in Natural Language Processing},
  pages={553--563},
  year={2017}
}

@inproceedings{Arjannikov_Empirical_2021,
  title={An empirical investigation of pu learning for predicting length of stay},
  author={Arjannikov, Tom and Tzanetakis, George},
  booktitle={2021 IEEE 9th International Conference on Healthcare Informatics},
  pages={41--47},
  year={2021},
  organization={IEEE}
}
% -------------------------------------------


@article{Fusilier_PU_2015,
  title={Detecting positive and negative deceptive opinions using pu-learning},
  author={Fusilier, Donato Hern{\'a}ndez and Montes-y-G{\'o}mez, Manuel and Rosso, Paolo and Cabrera, Rafael Guzm{\'a}n},
  journal={Information Processing \& Management},
  volume={51},
  number={4},
  pages={433--443},
  year={2015},
  publisher={Elsevier}
}

@inproceedings{Deng_ML_2014,
  title={Scalable multi-label annotation},
  author={Deng, Jia and Russakovsky, Olga and Krause, Jonathan and Bernstein, Michael S and Berg, Alex and Fei-Fei, Li},
  booktitle={Proceedings of the SIGCHI Conference on Human Factors in Computing Systems},
  pages={3099--3102},
  year={2014}
}

@inproceedings{Cole_SML_2021,
  title={Multi-Label learning from single positive labels},
  author={Cole, Elijah and Mac Aodha, Oisin and Lorieul, Titouan and Perona, Pietro and Morris, Dan and Jojic, Nebojsa},
  booktitle={Proceedings of the IEEE/CVF Conference on Computer Vision and Pattern Recognition},
  pages={933--942},
  year={2021}
}

% SML scnarios
@inproceedings{Redmon_YOLO_2017,
  title={You only look once: unified, real-time object detection},
  author={Redmon, Joseph and Divvala, Santosh and Girshick, Ross and Farhadi, Ali},
  booktitle={Proceedings of the IEEE Conference on Computer Vision and Pattern Recognition},
  pages={779--788},
  year={2016}
}

@inproceedings{Kenton_BERT_2019,
  title={BERT: Pre-training of deep bidirectional transformers for language understanding},
  author={Kenton, Jacob and Chang, Ming-Wei and Lee, Kenton and Toutanova, Kristina},
  booktitle={Proceedings of the 2019 Conference of the North American Chapter of the Association for Computational Linguistics: Human Language Technologies},
  pages={4171--4186},
  year={2019}
}
% -------------------------------------------

@phdthesis{廖文龙_分布式半监督_2021,
  title={分布式存储数据下的半监督学习算法研究},
  author={廖文龙},
  school={西南大学},
  year={2021},
}

@article{Hua_Distributed_2015,
  title={Distributed variational Bayesian algorithms over sensor networks},
  author={Hua, Junhao and Li, Chunguang},
  journal={IEEE Transactions on Signal Processing},
  volume={64},
  number={3},
  pages={783--798},
  year={2015},
  publisher={IEEE}
}

@phdthesis{沈鹏程_分布式信息论_2016,
  title={分布式信息论学习},
  author={沈鹏程},
  school={浙江大学},
  year={2016},
}

@article{FAST,
  title={FAST in space: considerations for a multibeam, multipurpose survey using china's 500-m aperture spherical radio telescope},
  author={Li, Di and Wang, Pei and Qian, Lei and Krco, Marko and Dunning, Alex and Jiang, Peng and Yue, Youling and Jin, Chenjin and Zhu, Yan and Pan, Zhichen and others},
  journal={IEEE Microwave Magazine},
  volume={19},
  number={3},
  pages={112--119},
  year={2018},
  publisher={IEEE}
}

@article{Liu_SemiSVM_2018,
  title={Online semi-supervised support vector machine},
  author={Liu, Ying and Xu, Zhen and Li, Chunguang},
  journal={Information Sciences},
  volume={439},
  pages={125--141},
  year={2018},
  publisher={Elsevier}
}

% ====================================
% Chapter 1.2

% ====================================
% Chapter 1.2.1  ->  Semi-Supervised
@article{Zhang_Semi_2007,
  title={Semi-supervised text classification based on self-training em algorithm},
  author={Zhang, Bofeng and Bai, Bing and Su, Jinshu},
  journal={Journal-National University of Defence Technology},
  volume={29},
  number={6},
  pages={65},
  year={2007},
  publisher={EDITORIAL DEPT OF JOURNAL OF NUDT}
}

@article{Ma_Semi_2017,
  title={Feature guided gaussian mixture model with semi-supervised em and local geometric constraint for retinal image registration},
  author={Ma, Jiayi and Jiang, Junjun and Liu, Chengyin and Li, Yansheng},
  journal={Information Sciences},
  volume={417},
  pages={128--142},
  year={2017},
  publisher={Elsevier}
}

@article{Li_Semi_2018,
  title={Revisiting transductive support vector machines with margin distribution embedding},
  author={Li, Yanchao and Wang, Yongli and Bi, Cheng and Jiang, Xiaohui},
  journal={Knowledge-Based Systems},
  volume={152},
  pages={200--214},
  year={2018},
  publisher={Elsevier}
}

@article{Huang_Semi_2014,
  title={Semi-supervised and unsupervised extreme learning machines},
  author={Huang, Gao and Song, Shiji and Gupta, Jatinder ND and Wu, Cheng},
  journal={IEEE Transactions on Cybernetics},
  volume={44},
  number={12},
  pages={2405--2417},
  year={2014},
  publisher={IEEE}
}

@article{Forestier_Semi_2016,
  title={Semi-supervised learning using multiple clusterings with limited labeled data},
  author={Forestier, Germain and Wemmert, C{\'e}dric},
  journal={Information Sciences},
  volume={361},
  pages={48--65},
  year={2016},
  publisher={Elsevier}
}

@article{Luo_Simple_2017,
  title={Simple to complex cross-modal learning to rank},
  author={Luo, Minnan and Chang, Xiaojun and Li, Zhihui and Nie, Liqiang and Hauptmann, Alexander G and Zheng, Qinghua},
  journal={Computer Vision and Image Understanding},
  volume={163},
  pages={67--77},
  year={2017},
  publisher={Elsevier}
}

@article{Belkin_Manifold_2006,
  title={Manifold regularization: a geometric framework for learning from labeled and unlabeled examples.},
  author={Belkin, Mikhail and Niyogi, Partha and Sindhwani, Vikas},
  journal={Journal of Machine Learning Research},
  volume={7},
  number={11},
  year={2006}
}

@inproceedings{Youngs_SMD_2015,
  title={Positive-unlabeled learning in the face of labeling bias},
  author={Youngs, Noah and Shasha, Dennis and Bonneau, Richard},
  booktitle={2015 IEEE International Conference on Data Mining Workshop},
  pages={639--645},
  year={2015},
  organization={IEEE}
}

@inproceedings{Lee_WLR_2003,
  title={Learning with positive and unlabeled examples using weighted logistic regression},
  author={Lee, Wee Sun and Liu, Bing},
  booktitle={Proceedings of the 20th International Conference on Machine Learning},
  volume={3},
  pages={448--455},
  year={2003}
}

@inproceedings{Kiryo_Positive_2017,
  title={Positive-unlabeled learning with non-negative risk estimator},
  author={Kiryo, Ryuichi and Niu, Gang and Plessis, Marthinus C du and Sugiyama, Masashi},
  booktitle={Advances in Neural Information Processing Systems},
  pages={1674--1684},
  year={2017}
}

@inproceedings{Van_Inaturalist_2018,
  title={The inaturalist species classification and detection dataset},
  author={Van Horn, Grant and Mac Aodha, Oisin and Song, Yang and Cui, Yin and Sun, Chen and Shepard, Alex and Adam, Hartwig and Perona, Pietro and Belongie, Serge},
  booktitle={Proceedings of the IEEE Conference on Computer Vision and Pattern Recognition},
  pages={8769--8778},
  year={2018}
}

@article{Gong_LLSVM_2019,
  title={Large-margin label-calibrated support vector machines for positive and unlabeled learning},
  author={Gong, Chen and Liu, Tongliang and Yang, Jian and Tao, Dacheng},
  journal={IEEE Transactions on Neural Networks and Learning Systems},
  volume={30},
  number={11},
  pages={3471--3483},
  year={2019},
  publisher={IEEE}
}

@inproceedings{Gong_Margin_2018,
  title={Margin based pu learning},
  author={Gong, Tieliang and Wang, Guangtao and Ye, Jieping and Xu, Zongben and Lin, Ming},
  booktitle={Proceedings of the AAAI Conference on Artificial Intelligence},
  volume={32},
  number={1},
  year={2018}
}

@inproceedings{Szegedy_LabelSmooth_2016,
  title={Rethinking the inception architecture for computer vision},
  author={Szegedy, Christian and Vanhoucke, Vincent and Ioffe, Sergey and Shlens, Jon and Wojna, Zbigniew},
  booktitle={Proceedings of the IEEE Conference on Computer Vision and Pattern Recognition},
  pages={2818--2826},
  year={2016}
}

@inproceedings{Durand_EPR_2019,
  title={Learning a deep convnet for multi-label classification with partial labels},
  author={Durand, Thibaut and Mehrasa, Nazanin and Mori, Greg},
  booktitle={Proceedings of the IEEE/CVF Conference on Computer Vision and Pattern Recognition},
  pages={647--657},
  year={2019}
}

@inproceedings{Han_PUMulti_2018,
  title={Multi-label learning with highly incomplete data via collaborative embedding},
  author={Han, Yufei and Sun, Guolei and Shen, Yun and Zhang, Xiangliang},
  booktitle={Proceedings of the 24th ACM SIGKDD International Conference on Knowledge Discovery \& Data Mining},
  pages={1494--1503},
  year={2018}
}

@inproceedings{Chu_PUML_2018,
  title={Deep generative models for weakly-supervised multi-label classification},
  author={Chu, Hong-Min and Yeh, Chih-Kuan and Wang, Yu-Chiang Frank},
  booktitle={Proceedings of the European Conference on Computer Vision},
  pages={400--415},
  year={2018}
}

@inproceedings{Mac_PUML_2019,
  title={Presence-only geographical priors for fine-grained image classification},
  author={Mac Aodha, Oisin and Cole, Elijah and Perona, Pietro},
  booktitle={Proceedings of the IEEE/CVF International Conference on Computer Vision},
  pages={9596--9606},
  year={2019}
}

@inproceedings{Sun_PUML_2010,
  title={Multi-label learning with weak label},
  author={Sun, Yu-yin and Zhang, Yin and Zhou, Zhi-hua},
  booktitle={In Proceedings of 24th AAAI Conference on Artificial Intelligence},
  organization={Citeseer},
  pages={1--6},
  year={2010}
}


% Charpter 1.2.3
@inproceedings{Wang_Partial_2019,
  title={Partial label learning with unlabeled Data},
  author={Wang, Qian-Wei and Li, Yu-Feng and Zhou, Zhi-Hua},
  booktitle={Proceedings of the 28th International Joint Conference on Artificial Intelligence},
  pages={3755--3761},
  year={2019}
}

@inproceedings{Wang_Semi-Supervised_2020,
  title = {Semi-supervised partial label learning via confidence-rated margin maximization},
  author = {Wang, Wei and Zhang, Min-Ling},
  booktitle = {Advances in Neural Information Processing Systems},
  pages = {6982--6993},
  volume = {33},
  year = {2020}
}

@book{Zhu_Manifold_2005,
  title={Semi-supervised learning with graphs},
  author={Zhu, Xiaojin},
  year={2005},
  publisher={Carnegie Mellon University}
}

@article{Zhu_Semi_2005,
  title={Semi-Supervised learning literature survey},
  author={Zhu, Xiaojin},
  journal={world},
  volume={10},
  pages={10},
  year={2005},
  publisher={Computer Sciences, University of Wisconsin-Madison}
}

@article{Van_SemiSurvey_2020,
  title={A survey on semi-supervised learning},
  author={Van Engelen, Jesper E and Hoos, Holger H},
  journal={Machine Learning},
  volume={109},
  number={2},
  pages={373--440},
  year={2020},
  publisher={Springer}
}

@ARTICLE{Dong_Semi_2016,
  title={Semi-supervised svm with extended hidden features}, 
  author={Dong, Aimei and Chung, Fu-lai and Deng, Zhaohong and Wang, Shitong},
  journal={IEEE Transactions on Cybernetics}, 
  year={2016},
  volume={46},
  number={12},
  pages={2924-2937},
}

@inproceedings{Wei_Dropout_2020,
  title={The implicit and explicit regularization effects of dropout},
  author={Wei, Colin and Kakade, Sham and Ma, Tengyu},
  booktitle={International Conference on Machine Learning},
  pages={10181--10192},
  year={2020},
  organization={PMLR}
}

@article{Krizhevsky_ImageNet_2012,
  title={Imagenet classification with deep convolutional neural networks},
  author={Krizhevsky, Alex and Sutskever, Ilya and Hinton, Geoffrey E},
  journal={Advances in Neural Information Processing Systems},
  volume={25},
  pages={1097--1105},
  year={2012}
}

% ====================================
% Chapter 1.3
@article{Lu_DistributedSVM_2016,
  title={A novel spatiotemporal ls-svm method for complex distributed parameter systems with applications to curing thermal process},
  author={Lu, Xinjiang and Zou, Wei and Huang, Minghui},
  journal={IEEE Transactions on Industrial Informatics},
  volume={12},
  number={3},
  pages={1156--1165},
  year={2016},
  publisher={IEEE}
}

@inproceedings{Hou_hdsvm_2017,
  title={HDSVM: a high efficiency distributed svm framework over data stream},
  author={Hou, Yan and Wang, Yijie and Ma, Xingkong and Cheng, Li},
  booktitle={2017 IEEE International Symposium on Parallel and Distributed Processing with Applications and 2017 IEEE International Conference on Ubiquitous Computing and Communications},
  pages={352--359},
  year={2017},
  organization={IEEE}
}

@article{Kuo_BlockChain_2017,
  title={Blockchain distributed ledger technologies for biomedical and health care applications},
  author={Kuo, Tsung-Ting and Kim, Hyeon-Eui and Ohno-Machado, Lucila},
  journal={Journal of the American Medical Informatics Association},
  volume={24},
  number={6},
  pages={1211--1220},
  year={2017},
  publisher={Oxford University Press}
}

@article{Zhang_Distributed_2021,
  title={Distributed quantum sensing},
  author={Zhang, Zheshen and Zhuang, Quntao},
  journal={Quantum Science and Technology},
  volume={6},
  number={4},
  pages={023--043},
  year={2021},
  publisher={IOP Publishing}
}

@article{Kotary_distributed_2020,
  title={Distributed clustering in peer to peer networks using multi-objective whale optimization},
  author={Kotary, Dinesh Kumar and Nanda, Satyasai Jagannath},
  journal={Applied Soft Computing},
  volume={96},
  pages={106--141},
  year={2020},
  publisher={Elsevier}
}

@article{Miao_Distributed_2018,
  title={Distributed online one-class support vector machine for anomaly detection over networks},
  author={Miao, Xuedan and Liu, Ying and Zhao, Haiquan and Li, Chunguang},
  journal={IEEE Transactions on Cybernetics},
  volume={49},
  number={4},
  pages={1475--1488},
  year={2018},
  publisher={IEEE}
}

@article{Shen_Distributed_2014,
  title={Distributed information theoretic clustering},
  author={Shen, Pengcheng and Li, Chunguang},
  journal={IEEE Transactions on Signal Processing},
  volume={62},
  number={13},
  pages={3442--3453},
  year={2014},
  publisher={IEEE}
}

@article{Scardapane_Distributed_2016,
  title={Distributed semi-supervised support vector machines},
  author={Scardapane, Simone and Fierimonte, Roberto and Di Lorenzo, Paolo and Panella, Massimo and Uncini, Aurelio},
  journal={Neural Networks},
  volume={80},
  pages={43--52},
  year={2016},
  publisher={Elsevier}
}

@article{Verbraeken_Survey_2020,
  title={A survey on distributed machine learning},
  author={Verbraeken, Joost and Wolting, Matthijs and Katzy, Jonathan and Kloppenburg, Jeroen and Verbelen, Tim and Rellermeyer, Jan S},
  journal={ACM Computing Surveys},
  volume={53},
  number={2},
  pages={1--33},
  year={2020},
  publisher={ACM New York, NY, USA}
}

% ====================================
% Chapter 2.2
@article{Yuan_Efficient_2015,
  title={Efficient $\chi^2$ kernel linearization via random feature maps},
  author={Yuan, Xiao-Tong and Wang, Zhenzhen and Deng, Jiankang and Liu, Qingshan},
  journal={IEEE Transactions on Neural Networks and Learning Systems},
  volume={27},
  number={11},
  pages={2448--2453},
  year={2015},
  publisher={IEEE}
}

@article{Vedaldi_Efficient_2012,
  title={Efficient additive kernels via explicit feature maps},
  author={Vedaldi, Andrea and Zisserman, Andrew},
  journal={IEEE Transactions on Pattern Analysis and Machine Intelligence},
  volume={34},
  number={3},
  pages={480--492},
  year={2012},
  publisher={IEEE}
}

@inproceedings{Gerace_D_2020,
  title={Generalisation error in learning with random features and the hidden manifold model},
  author={Gerace, Federica and Loureiro, Bruno and Krzakala, Florent and M{\'e}zard, Marc and Zdeborov{\'a}, Lenka},
  booktitle={International Conference on Machine Learning},
  pages={3452--3462},
  year={2020},
  organization={PMLR}
}

@inproceedings{Vempati_Generalized_2010,
  title={Generalized rbf feature maps for efficient detection.},
  author={Vempati, Sreekanth and Vedaldi, Andrea and Zisserman, Andrew and Jawahar, CV},
  booktitle={The British Machine Vision Conference},
  pages={1--11},
  year={2010}
}

@article{Zhu_IntroductionSemi_2009,
  title={Introduction to semi-supervised learning},
  author={Zhu, Xiaojin and Goldberg, Andrew B},
  journal={Synthesis Lectures on Artificial Intelligence and Machine Learning},
  volume={3},
  number={1},
  pages={1--130},
  year={2009},
  publisher={Morgan \& Claypool Publishers}
}

@inproceedings{Zhu_Semi_2003,
  title={Semi-supervised learning using gaussian fields and harmonic functions},
  author={Zhu, Xiaojin and Ghahramani, Zoubin and Lafferty, John D},
  booktitle={Proceedings of the 20th International conference on Machine learning },
  pages={912--919},
  year={2003}
}

% ====================================
% Chapter 2.4
@article{OpenML,
  title={Openml: networked science in machine learning},
  author={Vanschoren, Joaquin and Van Rijn, Jan N and Bischl, Bernd and Torgo, Luis},
  journal={ACM SIGKDD Explorations Newsletter},
  volume={15},
  number={2},
  pages={49--60},
  year={2014},
  publisher={ACM New York, NY, USA}
}

@misc{UCI,
  author = "Dua, Dheeru and Graff, Casey",
  year = "2017",
  title = "Uci machine learning repository",
  url = "http://archive.ics.uci.edu/ml",
  institution = "University of California, Irvine, School of Information and Computer Sciences"
}

% ====================================
% Chapter 3.1
@article{Zhang_MultiLabel_2018,
  title={Binary relevance for multi-label learning: an overview},
  author={Zhang, Min-Ling and Li, Yu-Kun and Liu, Xu-Ying and Geng, Xin},
  journal={Frontiers of Computer Science},
  volume={12},
  number={2},
  pages={191--202},
  year={2018},
  publisher={Springer}
}

@inproceedings{Nam_BCE_2014,
  title={Large-scale multi-label text classification—revisiting neural networks},
  author={Nam, Jinseok and Kim, Jungi and Menc{\'\i}a, Eneldo Loza and Gurevych, Iryna and F{\"u}rnkranz, Johannes},
  booktitle={Joint European Conference on Machine Learning and Knowledge Discovery in Databases},
  pages={437--452},
  year={2014},
  organization={Springer}
}

% ====================================
% Chapter 3.2
% 这篇在哪都找不到pages
@inproceedings{Muller_LS_2019,
  title = {When does label smoothing help?},
  author = {M\"{u}ller, Rafael and Kornblith, Simon and Hinton, Geoffrey E},
  booktitle = {Advances in Neural Information Processing Systems},
  pages = {57-80}, 
  publisher = {Curran Associates, Inc.},
  volume = {32},
  year = {2019}
}

@article{Zhang_Understanding_2021,
  title={Understanding deep learning (still) requires rethinking generalization},
  author={Zhang, Chiyuan and Bengio, Samy and Hardt, Moritz and Recht, Benjamin and Vinyals, Oriol},
  journal={Communications of the ACM},
  volume={64},
  number={3},
  pages={107--115},
  year={2021},
  publisher={ACM New York, NY, USA}
}

% ====================================
% Chapter 3.3
@inproceedings{Bottou_Vanish1_2010,
  title={Large-Scale machine learning with stochastic gradient descent},
  author={Bottou, L{\'e}on},
  booktitle={Proceedings of 19th International Conference on Computational Statistics},
  pages={177--186},
  year={2010},
  organization={Springer Science \& Business Media}
}

@article{Shalev_Vanish2_2011,
  title={Pegasos: primal estimated sub-gradient solver for svm},
  author={Shalev-Shwartz, Shai and Singer, Yoram and Srebro, Nathan and Cotter, Andrew},
  journal={Mathematical Programming},
  volume={127},
  number={1},
  pages={3--30},
  year={2011},
  publisher={Springer}
}

@inproceedings{Geary_Incremental_1999,
  title={Incremental subgradient methods for nondifferentiable optimization},
  author={Geary, Angelia and Bertsekas, Dimitri P},
  booktitle={Proceedings of the 38th IEEE Conference on Decision and Control},
  volume={1},
  pages={907--912},
  year={1999},
  organization={IEEE}
}

@inproceedings{Fang_Metropolis_2010,
  title={A hybrid group search optimizer with metropolis rule},
  author={Fang, Juanyan and Cui, Zhihua and Cai, Xingjuan and Zeng, Jianchao},
  booktitle={Proceedings of the 2010 International Conference on Modelling, Identification and Control},
  pages={556--561},
  year={2010},
  organization={IEEE}
}

@article{Olfati_Laplas_2004,
  title={Consensus problems in networks of agents with switching topology and time-delays},
  author={Olfati-Saber, Reza and Murray, Richard M},
  journal={IEEE Transactions on Automatic Control},
  volume={49},
  number={9},
  pages={1520--1533},
  year={2004},
  publisher={IEEE}
}

@article{Kang_Uniform_2021,
  title={Distributed optimization of high-order nonlinear systems: saving computation and communication via prefiltering},
  author={Kang, Jian and Guo, Ge and Yang, Guanghong},
  journal={IEEE Transactions on Circuits and Systems II: Express Briefs},
  pages={1--5},
  year={2021},
  publisher={IEEE}
}

@article{Li_Event_2015,
  title={Event-triggered kalman consensus filter over sensor networks},
  author={Li, Wenling and Jia, Yingmin and Du, Junping},
  journal={IET Control Theory \& Applications},
  volume={10},
  number={1},
  pages={103--110},
  year={2015},
  publisher={IET}
}

@article{Ge_Event_2020,
  title={Dynamic event-triggered distributed coordination control and its applications: a survey of trends and techniques},
  author={Ge, Xiaohua and Han, Qing-Long and Ding, Lei and Wang, Yu-Long and Zhang, Xian-Ming},
  journal={IEEE Transactions on Systems, Man, and Cybernetics: Systems},
  volume={50},
  number={9},
  pages={3112--3125},
  year={2020},
  publisher={IEEE}
}

@article{Gao_Event_2021,
  title={A novel event-triggered strategy for networked switched control systems},
  author={Gao, Hui and Shi, Kaibo and Zhang, Hongbin},
  journal={Journal of the Franklin Institute},
  volume={358},
  number={1},
  pages={251--267},
  year={2021},
  publisher={Elsevier}
}

@article{Liang_Event_2020,
  title={Neural-network-based event-triggered adaptive control of nonaffine nonlinear multiagent systems with dynamic uncertainties},
  author={Liang, Hongjing and Liu, Guangliang and Zhang, Huaguang and Huang, Tingwen},
  journal={IEEE Transactions on Neural Networks and Learning Systems},
  volume={32},
  number={5},
  pages={2239--2250},
  year={2020},
  publisher={IEEE}
}

@article{Bianchi_Convergence_2012,
  title={Convergence of a multi-agent projected stochastic gradient algorithm for non-convex optimization},
  author={Bianchi, Pascal and Jakubowicz, J{\'e}r{\'e}mie},
  journal={IEEE Transactions on Automatic Control},
  volume={58},
  number={2},
  pages={391--405},
  year={2012},
  publisher={IEEE}
}

% ====================================
% Chapter 3.4
@inproceedings{Adikhresna_BPMLL_2020,
  title={Comparative experimental study of multi label classification using single label ground truth with application to field majoring problem},
  author={Adikhresna, O.  and  Kusumaningrum, R.  and  Warsito, B. },
  booktitle={2019 3rd International Conference on Informatics and Computational Sciences},
  pages={3584--3590},
  year={2020},
}

@inproceedings{Lucena_Semi_2016,
  title={Semi-supervised multi-label k-nearest neighbors classification algorithms},
  author={Lucena, Dcgd  and  Prudencio, Rbc },
  booktitle={2015 Brazilian Conference on Intelligent Systems},
  pages={49--54},
  year={2016},
}

@article{Wang_Semi_2021,
  title={Semi-supervised dual relation learning for multi-label classification},
  author={Wang, Lichen and Liu, Yunyu and Di, Hang and Qin, Can and Sun, Gan and Fu, Yun},
  journal={IEEE Transactions on Image Processing},
  volume={30},
  pages={9125--9135},
  year={2021},
  publisher={IEEE}
}

% ====================================
% Chapter 4.1
@article{Shorten_DataAugmentation_2019,
  title={A survey on image data augmentation for deep learning},
  author={Shorten, Connor and Khoshgoftaar, Taghi M},
  journal={Journal of Big Data},
  volume={6},
  number={1},
  pages={1--48},
  year={2019},
  publisher={Springer}
}

@inproceedings{Zhang_WCP_2020,
  title={Wcp: Worst-case perturbations for semi-supervised deep learning},
  author={Zhang, Liheng and Qi, Guo-Jun},
  booktitle={Proceedings of the IEEE/CVF Conference on Computer Vision and Pattern Recognition},
  pages={3912--3921},
  year={2020}
}

@book{Gene_MatrixComputations_2013,
  title={Matrix computations},
  author={Gene, H. Golub and Charles, F. Van Loan},
  year={2013},
  publisher={Johns Hopkins University}
}

@inproceedings{Olsson_BQP_2007,
  title={Solving large scale binary quadratic problems: spectral methods vs. semidefinite programming},
  author={Olsson, Carl and Eriksson, Anders P and Kahl, Fredrik},
  booktitle={2007 IEEE Conference on Computer Vision and Pattern Recognition},
  pages={1--8},
  year={2007},
  organization={IEEE}
}


% ====================================
% Chapter 5.1
% use `texdoc biblatex` to get help
@www{zjuthesisrules,
    title = {浙江大学本科生毕业论文（设计）编写规则},
    author = {浙江大学本科生院},
    year = {2018},
    url = {http://bksy.zju.edu.cn/attachments/2018-01/01-1517384518-1149149.pdf},
}
@www{tikz,
    title = {tikz宏包},
    author = {Till Tantau},
    year = {2018},
    url = {https://sourceforge.net/projects/pgf/},
}
@www{zjuthesis,
    title = {浙江大学毕业设计/论文模板},
    author = {王子轩},
    year = {2019},
    url = {https://github.com/TheNetAdmin/zjuthesis},
}
@www{zjugradthesisrules,
    title = {浙江大学研究生学位论文编写规则},
    author = {浙江大学研究生院},
    year = {2008},
    url = {http://grs.zju.edu.cn/redir.php?catalog_id=10038&object_id=12877},
}

@article{2020Partial,
  title={Partial multi-Label learning via credible label elicitation},
  author={Zhang, M. L.  and  Fang, J. P. },
  journal={IEEE Transactions on Pattern Analysis and Machine Intelligence},
  volume={PP},
  number={99},
  pages={1-1},
  year={2020},
}
